<?xml version="1.0" encoding="UTF-8"?><collection xmlns="http://www.loc.gov/MARC21/slim"><record><leader>00368nam--2200133-i-4500</leader><controlfield tag="001">000003934</controlfield><controlfield tag="002">20161230</controlfield><controlfield tag="005">20161230201025</controlfield><controlfield tag="008">060222s1000------------r-----000-0-eng-d</controlfield><datafield ind1=" " ind2=" " tag="080"><subfield code="a">656.13</subfield></datafield><datafield ind1=" " ind2=" " tag="100"><subfield code="a">Bucur, I., Niculescu, Al.Si Moldovan, M</subfield></datafield><datafield ind1=" " ind2=" " tag="245"><subfield code="a">Principiile exploatarii autovehiculelor</subfield></datafield><datafield ind1=" " ind2=" " tag="260"><subfield code="a">Bucuresti, Editura Cailor Ferate, 1953. 536 P</subfield></datafield><datafield ind1=" " ind2=" " tag="852"><subfield code="a">26873</subfield></datafield></record></collection>